
@article{Daniel,
author = {Daniel Scharstein},
title = {High-Resolution Stereo Datasets with Subpixel-Accurate Ground Truth},
year = 2014
}

@misc{CV,
 author = {OpenCV Team},
 title = {OpenCV Official Documentation},
 note = {\small\url{https://opencv-python-tutroals.readthedocs.io/en/latest/py_tutorials/py_imgproc/py_template_matching/py_template_matching.html} Data de visita: 3 de Outubro de 2019} 
}

@Book{Zisserman,
  author       = "Hartley, R.~I. and Zisserman, A.",
  title        = "Multiple View Geometry in Computer Vision",
  year         = "2000",
  publisher    = "Cambridge University Press, ISBN: 0521623049",
}

@Book{Gary,
  author       = "Bradski, G. and Kaehler, A.",
  title        = "Learning OpenCV",
  year         = "2008",
  publisher    = "Oâ€™Reilly Media",
}

@Book{Middle,
  author       = "Middleburry",
  title        = "Stereo datasets with ground truth (2014)",
  publisher    = "Visitado em 3 de Outubro de 2019"
}

